<record><leader>00000cas a2200000 a 4500</leader><controlfield tag="001">16102010</controlfield><controlfield tag="008">870629d19701972nyuwr ne      0    0eng c</controlfield><datafield ind1=" " ind2=" " tag="010"><subfield code="a">sn 87070079 </subfield></datafield><datafield ind1=" " ind2=" " tag="040"><subfield code="a">NYS</subfield><subfield code="b">eng</subfield><subfield code="c">NYS</subfield><subfield code="d">NYG</subfield><subfield code="d">NYS</subfield><subfield code="d">OCLCQ</subfield><subfield code="d">OCLCF</subfield><subfield code="d">OCLCO</subfield><subfield code="d">NYG</subfield></datafield><datafield ind1=" " ind2=" " tag="042"><subfield code="a">pcc</subfield></datafield><datafield ind1=" " ind2=" " tag="043"><subfield code="a">n-us-ny</subfield></datafield><datafield ind1="0" ind2="0" tag="245"><subfield code="a">Millbrook round table incorporating the register-herald.</subfield></datafield><datafield ind1="3" ind2="0" tag="246"><subfield code="a">Millbrook roundtable</subfield></datafield><datafield ind1="1" ind2=" " tag="246"><subfield code="i">Published as:</subfield><subfield code="a">Millbrook round table incorporating the Pine Plains register-herald</subfield><subfield code="f">Feb. 24-June 28, 1972</subfield></datafield><datafield ind1=" " ind2=" " tag="260"><subfield code="a">Millbrook, N.Y. :</subfield><subfield code="b">Dymer Communications Inc.,</subfield><subfield code="c">1970-1972.</subfield></datafield><datafield ind1=" " ind2=" " tag="300"><subfield code="a">v. :</subfield><subfield code="b">ill.</subfield></datafield><datafield ind1=" " ind2=" " tag="310"><subfield code="a">Weekly (published on Wednesday)</subfield></datafield><datafield ind1="0" ind2=" " tag="362"><subfield code="a">Vol. 100, no. 31 (July 30, 1970)- ; -June 28, 1972.</subfield></datafield><datafield ind1=" " ind2=" " tag="500"><subfield code="a">Title varies slightly.</subfield></datafield><datafield ind1=" " ind2=" " tag="521"><subfield code="a">Published for Millbrook, N.Y. and Pine Plains, N.Y.</subfield></datafield><datafield ind1=" " ind2=" " tag="580"><subfield code="a">Pine Plains ed.: Register and herald, 1928-1972.</subfield></datafield><datafield ind1=" " ind2="0" tag="651"><subfield code="a">Millbrook (N.Y.)</subfield><subfield code="v">Newspapers.</subfield></datafield><datafield ind1=" " ind2="0" tag="651"><subfield code="a">Pine Plains (N.Y.)</subfield><subfield code="v">Newspapers.</subfield></datafield><datafield ind1=" " ind2="0" tag="651"><subfield code="a">Dutchess County (N.Y.)</subfield><subfield code="v">Newspapers.</subfield></datafield><datafield ind1=" " ind2="7" tag="651"><subfield code="a">New York (State)</subfield><subfield code="z">Dutchess County.</subfield><subfield code="2">fast</subfield><subfield code="0">(OCoLC)fst01207498</subfield></datafield><datafield ind1=" " ind2="7" tag="651"><subfield code="a">New York (State)</subfield><subfield code="z">Millbrook.</subfield><subfield code="2">fast</subfield><subfield code="0">(OCoLC)fst01219340</subfield></datafield><datafield ind1=" " ind2="7" tag="651"><subfield code="a">New York (State)</subfield><subfield code="z">Pine Plains.</subfield><subfield code="2">fast</subfield><subfield code="0">(OCoLC)fst01253440</subfield></datafield><datafield ind1=" " ind2="7" tag="655"><subfield code="a">Newspapers.</subfield><subfield code="2">fast</subfield><subfield code="0">(OCoLC)fst01423814</subfield></datafield><datafield ind1=" " ind2=" " tag="752"><subfield code="a">United States</subfield><subfield code="b">New York</subfield><subfield code="c">Dutchess</subfield><subfield code="d">Millbrook.</subfield></datafield><datafield ind1=" " ind2=" " tag="752"><subfield code="a">United States</subfield><subfield code="b">New York</subfield><subfield code="c">Dutchess</subfield><subfield code="d">Pine Plains.</subfield></datafield><datafield ind1="1" ind2=" " tag="775"><subfield code="t">Register and herald</subfield><subfield code="g">1928-1972</subfield><subfield code="w">(DLC)sn 87070078</subfield><subfield code="w">(OCoLC)16101185</subfield></datafield><datafield ind1="0" ind2="0" tag="780"><subfield code="t">Millbrook round table (Millbrook, N.Y. : 1935)</subfield><subfield code="w">(DLC)sn 90066277</subfield><subfield code="w">(OCoLC)22439237</subfield></datafield><datafield ind1="0" ind2="0" tag="785"><subfield code="t">Millbrook round table (Millbrook, N.Y. : 1972)</subfield><subfield code="w">(DLC)sn 90066278</subfield><subfield code="w">(OCoLC)22439284</subfield></datafield><datafield ind1="1" ind2=" " tag="029"><subfield code="a">AU@</subfield><subfield code="b">000020472319</subfield></datafield></record>